@article{hyper,
        Author = {Christoforou, Andy and Mulvey, Claire M. and Breckels, Lisa M. and Hayward, Penelope C. and Geladaki, Ekaterini and Hurrell, Tracey and Naake, Thomas and Gatto, Laurent and Viner, Rosa and Martinez Arias, Alfonso and Lilley, Kathryn S.},
        doi = {10.1038/ncomms9992},
        url = {http://dx.doi.org/10.1038/ncomms9992},
        Journal = {Nat Commun},
        Journal-Full = {Nature communications},
        Title = {A draft map of the mouse pluripotent stem cell spatial proteome},
        volume = {7},
        pages = {9992},
        year = {2016},
        month = {jan}}

@article{Gatto:2014,
        Author = {Gatto, L. and Christoforou, A.},
        Date-Modified = {2015-10-05 08:37:19 +0000},
        Doi = {10.1016/j.bbapap.2013.04.032},
        Journal = {Biochim Biophys Acta},
        Month = {Jan},
        Number = {1 Pt A},
        Pages = {42-51},
        Pmid = {23692960},
        Title = {Using {R} and {Bioconductor} for proteomics data analysis.},
        Volume = {1844},
        Year = {2014},
        Bdsk-Url-1 = {http://dx.doi.org/10.1016/j.bbapap.2013.04.032}}

@article{Breckels:2013,
        Author = {Breckels, L. M. and Gatto, L. and Christoforou, A. and Groen, A. J. and Lilley, K. S. and Trotter, M. W.},
        Date-Modified = {2015-10-05 08:37:19 +0000},
        Doi = {10.1016/j.jprot.2013.02.019},
        Journal = {J Proteomics},
        Month = {Aug},
        Pages = {129-40},
        Pmid = {23523639},
        Title = {The effect of organelle discovery upon sub-cellular protein localisation.},
        Volume = {88},
        Year = {2013},
        Bdsk-Url-1 = {http://dx.doi.org/10.1016/j.jprot.2013.02.019}}

@article{Gatto:2010,
        Author = {Gatto, L. and Vizca\'ino, J. A. and Hermjakob, H. and Huber, W. and Lilley, K. S.},
        Doi = {10.1002/pmic.201000244},
        Journal = {Proteomics},
        Month = {Nov},
        Number = {22},
        Pages = {3957-69},
        Pmid = {21080489},
        Title = {Organelle proteomics experimental designs and analysis.},
        Volume = {10},
        Year = {2010},
        Bdsk-Url-1 = {http://dx.doi.org/10.1002/pmic.201000244}}

@article{McAlister:2014,
        Author = {McAlister, G C and Nusinow, D P and Jedrychowski, M P and W{\"u}hr, M and Huttlin, E L and Erickson, B K and Rad, R and Haas, W and Gygi, S P},
        Doi = {10.1021/ac502040v},
        Journal = {Anal Chem},
        Month = {Jul},
        Number = {14},
        Pages = {7150-8},
        Pmid = {24927332},
        Title = {MultiNotch MS3 enables accurate, sensitive, and multiplexed detection of differential expression across cancer cell line proteomes.},
        Volume = {86},
        Year = {2014},
        Bdsk-Url-1 = {http://dx.doi.org/10.1021/ac502040v}}

@manual{shiny,
        Author = {Chang, Winston and Cheng, Joe and Allaire, JJ and Xie, Yihui and McPherson, Jonathan},
        Note = {R package version 0.11.1},
        Title = {shiny: Web Application Framework for R},
        Url = {http://CRAN.R-project.org/package=shiny},
        Year = {2015},
        Bdsk-Url-1 = {http://CRAN.R-project.org/package=shiny}}

@article{Trotter:2010,
        Author = {Trotter, M. W. B. and Sadowski, P. G. and Dunkley, T. P. J. and Groen, A. J. and Lilley, K. S.},
        Doi = {10.1002/pmic.201000359},
        Issn = {1615-9861},
        Journal = {Proteomics},
        Keywords = {Bioinformatics, Organelle proteomics, Protein localisation, Statistical models, Support vector machines},
        Number = {23},
        Pages = {4213--4219},
        Publisher = {WILEY-VCH Verlag},
        Title = {Improved sub-cellular resolution via simultaneous analysis of organelle proteomics data across varied experimental conditions},
        Url = {http://dx.doi.org/10.1002/pmic.201000359},
        Volume = {10},
        Year = {2010},
        Bdsk-Url-1 = {http://dx.doi.org/10.1002/pmic.201000359}}

@article{DeDuve:1981,
        Author = {De Duve, C and Beaufay, H},
        Date-Added = {2015-07-24 15:42:48 +0000},
        Date-Modified = {2015-07-24 15:43:24 +0000},
        Journal = {J Cell Biol},
        Journal-Full = {The Journal of cell biology},
        Mesh = {Cell Biology; Cell Fractionation; Centrifugation, Density Gradient; History, 20th Century; Microscopy, Electron; Organoids; Subcellular Fractions; Ultracentrifugation; United States},
        Month = {Dec},
        Number = {3 Pt 2},
        Pages = {293s-299s},
        Pmc = {PMC2112816},
        Pmid = {7033241},
        Pst = {ppublish},
        Title = {A short history of tissue fractionation},
        Volume = {91},
        Year = {1981}}
